\
        @article{jacob2018quantization,
          title={Quantization and Training of Neural Networks for Efficient Integer-Arithmetic-Only Inference},
          author={Jacob, Benoit and others},
          journal={arXiv preprint arXiv:1712.05877},
          year={2018}
        }
        @inproceedings{banner2019post,
          title={Post Training 4-bit Quantization of Convolutional Networks for Rapid-Deployment},
          author={Banner, Ron and others},
          booktitle={NeurIPS},
          year={2019}
        }
